@inproceedings{bot2017icwsm,
  title={Online human-bot interactions: Detection, estimation, and characterization},
  author={Varol, Onur and Ferrara, Emilio and Davis, Clayton A and Menczer, Filippo and Flammini, Alessandro},
  booktitle={Eleventh International AAAI Conference on Web and Social Media},
  year={2017}
}