@article{varol2018feature,
  title={Feature Engineering for Social Bot Detection},
  author={Varol, Onur and Davis, Clayton A and Menczer, Filippo and Flammini, Alessandro},
  journal={Feature Engineering for Machine Learning and Data Analytics},
  pages={311},
  year={2018},
  publisher={CRC Press}
}
