@article{ferrara2016rise,
 author = {Ferrara, Emilio and Varol, Onur and Davis, Clayton and Menczer, Filippo and Flammini, Alessandro},
 title = {The Rise of Social Bots},
 journal = {Commun. ACM},
 issue_date = {July 2016},
 volume = {59},
 number = {7},
 month = jun,
 year = {2016},
 issn = {0001-0782},
 pages = {96--104},
 numpages = {9},
 url = {http://doi.acm.org/10.1145/2818717},
 doi = {10.1145/2818717},
 acmid = {2818717},
 publisher = {ACM},
 address = {New York, NY, USA},
} 