@inproceedings{censorship2016websci,
 author = {Varol, Onur},
 title = {Spatiotemporal Analysis of Censored Content on Twitter},
 booktitle = {Proceedings of the 8th ACM Conference on Web Science},
 series = {WebSci '16},
 year = {2016},
 pages = {372--373},
 publisher = {ACM},
} 