@article{computer2016darpa,
  title={{The DARPA Twitter Bot Challenge}},
  author={Subrahmanian, VS and Azaria, Amos and Durst, Skylar and Kagan, Vadim and Galstyan, Aram and Lerman, Kristina and Zhu, Linhong and Ferrara, Emilio and Flammini, Alessandro and Menczer, Filippo and others},
  journal={IEEE Computer},
  volume={6},
  number={49},
  pages={38--46},
  year={2016}
}