@inproceedings{cscw2017distilling,
 author = {Olteanu, Alexandra and Varol, Onur and Kiciman, Emre},
 title = {Distilling the Outcomes of Personal Experiences: A Propensity-scored Analysis of Social Media},
 booktitle = {Proceedings of the 2017 ACM Conference on Computer Supported Cooperative Work and Social Computing},
 series = {CSCW '17},
 year = {2017},
 pages = {370--386},
 publisher = {ACM},
} 