@article{osome,
    Author = {Davis, C A and Ciampaglia, G L and Aiello, L M and Chung, K and Conover, M D and Ferrara, E and Flammini, A and Fox, G C and Gao, X and Gon{\c c}alves, B and Grabowicz, P A and Hong, K and Hui, P and McCaulay, S and McKelvey, K and Meiss, M R and Patil, S and Peli Kankanamalage, C and Pentchev, V and Qiu, J and Ratkiewicz, J and Rudnick, A and Serrette, B and Shiralkar, P and Varol, O and Weng, L and Wu, T and Younge, A J and Menczer, F},
    Date-Added = {2016-10-03 14:10:29 +0000},
    Date-Modified = {2016-11-28 16:20:01 +0000},
    Journal = {PeerJ Computer Science},
    Pages = {e87},
    Title = {{OSoMe: The IUNI Observatory on Social Media}},
    Volume = {2},
    Year = {2016},
    Bdsk-Url-1 = {https://doi.org/10.7717/peerj-cs.87},
    Bdsk-Url-2 = {http://dx.doi.org/10.7717/peerj-cs.87}
}