@inproceedings{detection2016icwsm,
  title={Detection of promoted social media campaigns},
  author={Ferrara, Emilio and Varol, Onur and Menczer, Filippo and Flammini, Alessandro},
  booktitle={Tenth International AAAI Conference on Web and Social Media},
  year={2016}
}