@inproceedings{dream2014,
 author = {Varol, Onur and Menczer, Filippo},
 title = {Connecting Dream Networks Across Cultures},
 booktitle = {Proceedings of the Companion Publication of the 23rd International Conference on World Wide Web Companion},
 series = {WWW Companion '14},
 year = {2014},
 isbn = {978-1-4503-2745-9},
 location = {Seoul, Korea},
 pages = {1267--1272},
 numpages = {6},
 url = {http://dx.doi.org/10.1145/2567948.2580073},
 doi = {10.1145/2567948.2580073},
 acmid = {2580073},
 publisher = {International World Wide Web Conferences Steering Committee},
 address = {Republic and Canton of Geneva, Switzerland},
 keywords = {dream interpretation networks, interconnected networks, multicultural network, network communities, oneirology},
}