@inproceedings{ferrara2016predicting,
  title={Predicting online extremism, content adopters, and interaction reciprocity},
  author={Ferrara, Emilio and Wang, Wen-Qiang and Varol, Onur and Flammini, Alessandro and Galstyan, Aram},
  booktitle={International Conference on Social Informatics},
  pages={22--39},
  year={2016},
  organization={Springer}
}