@inproceedings{varol2014evolution,
 author = {Varol, Onur and Ferrara, Emilio and Ogan, Christine L. and Menczer, Filippo and Flammini, Alessandro},
 title = {Evolution of Online User Behavior During a Social Upheaval},
 booktitle = {Proceedings of the 2014 ACM Conference on Web Science},
 series = {WebSci '14},
 year = {2014},
 isbn = {978-1-4503-2622-3},
 location = {Bloomington, Indiana, USA},
 pages = {81--90},
 numpages = {10},
 url = {http://doi.acm.org/10.1145/2615569.2615699},
 doi = {10.1145/2615569.2615699},
 acmid = {2615699},
 publisher = {ACM},
 address = {New York, NY, USA},
 keywords = {online user behavior, political mobilization, social media analysis, social protest},
} 