@article{hbet2019bot,
    author = {Yang, Kai-Cheng and Varol, Onur and Davis, Clayton A. and Ferrara, Emilio and Flammini, Alessandro and Menczer, Filippo},
    title = {Arming the public with artificial intelligence to counter social bots},
    journal = {Human Behavior and Emerging Technologies},
    volume = {0},
    number = {0},
    pages = {e115},
    keywords = {social influence, social media, social networking},
    doi = {10.1002/hbe2.115},
    url = {https://onlinelibrary.wiley.com/doi/abs/10.1002/hbe2.115},
    eprint = {https://onlinelibrary.wiley.com/doi/pdf/10.1002/hbe2.115},
}