@inproceedings{hin2016websci,
 author = {Das, Abhimanyu and Gollapudi, Sreenivas and K\ic\iman, Emre and Varol, Onur},
 title = {Information Dissemination in Heterogeneous-intent Networks},
 booktitle = {Proceedings of the 8th ACM Conference on Web Science},
 series = {WebSci '16},
 year = {2016},
 pages = {259--268},
 publisher = {ACM},
}