@article{ics2016gezi,
author = {Christine Ogan and Onur Varol},
title = {What is gained and what is left to be done when content analysis is added to network analysis in the study of a social movement: Twitter use during Gezi Park},
journal = {Information, Communication \& Society},
volume = {0},
number = {0},
pages = {1-19},
year = {0},
doi = {10.1080/1369118X.2016.1229006},
URL = {http://www.tandfonline.com/doi/abs/10.1080/1369118X.2016.1229006}
}