@inproceedings{memeclustering2013,
 author = {Ferrara, Emilio and JafariAsbagh, Mohsen and Varol, Onur and Qazvinian, Vahed and Menczer, Filippo and Flammini, Alessandro},
 title = {Clustering Memes in Social Media},
 booktitle = {Proceedings of the 2013 IEEE/ACM International Conference on Advances in Social Networks Analysis and Mining},
 series = {ASONAM '13},
 year = {2013},
 isbn = {978-1-4503-2240-9},
 location = {Niagara, Ontario, Canada},
 pages = {548--555},
 numpages = {8},
 url = {http://doi.acm.org/10.1145/2492517.2492530},
 doi = {10.1145/2492517.2492530},
 acmid = {2492530},
 publisher = {ACM},
 address = {New York, NY, USA},
}