@misc{gates2019nature,
  title={Natureâ€™s reach: narrow work has broad impact},
  author={Gates, Alexander J and Ke, Qing and Varol, Onur and Barab{\'a}si, Albert-L{\'a}szl{\'o}},
  year={2019},
  publisher={Nature Publishing Group}
}
