@article{ncomm2018spread,
  title={The spread of low-credibility content by social bots},
  author={Shao, Chengcheng and Ciampaglia, Giovanni Luca and Varol, Onur and Yang, Kai-Cheng and Flammini, Alessandro and Menczer, Filippo},
  journal={Nature communications},
  volume={9},
  number={1},
  pages={4787},
  year={2018},
  publisher={Nature Publishing Group}
}