@article{nhb2018emotions,
  title={The minute-scale dynamics of online emotions reveal the effects of affect labeling},
  author={Fan, Rui and Varol, Onur and Varamesh, Ali and Barron, Alexander and van de Leemput, Ingrid and Scheffer, Marten and Bollen, Johan},
  journal={Nature Human Behaviour},
  pages={1},
  year={2018},
  publisher={Nature Publishing Group}
}