@article{salganik_measuring_2020,
    title = {Measuring the predictability of life outcomes with a scientific mass collaboration},
    issn = {0027-8424},
    url = {https://www.pnas.org/content/early/2020/03/24/1915006117},
    doi = {10.1073/pnas.1915006117},
    journal = {Proceedings of the National Academy of Sciences},
    author = {Salganik, Matthew J. and Lundberg, Ian and Kindel, Alexander T. and Ahearn, Caitlin E. and Al-Ghoneim, Khaled and Almaatouq, Abdullah and Altschul, Drew M. and Brand, Jennie E. and Carnegie, Nicole Bohme and Compton, Ryan James and Datta, Debanjan and Davidson, Thomas and Filippova, Anna and Gilroy, Connor and Goode, Brian J. and Jahani, Eaman and Kashyap, Ridhi and Kirchner, Antje and McKay, Stephen and Morgan, Allison C. and Pentland, Alex and Polimis, Kivan and Raes, Louis and Rigobon, Daniel E. and Roberts, Claudia V. and Stanescu, Diana M. and Suhara, Yoshihiko and Usmani, Adaner and Wang, Erik H. and Adem, Muna and Alhajri, Abdulla and AlShebli, Bedoor and Amin, Redwane and Amos, Ryan B. and Argyle, Lisa P. and Baer-Bositis, Livia and Büchi, Moritz and Chung, Bo-Ryehn and Eggert, William and Faletto, Gregory and Fan, Zhilin and Freese, Jeremy and Gadgil, Tejomay and Gagné, Josh and Gao, Yue and Halpern-Manners, Andrew and Hashim, Sonia P. and Hausen, Sonia and He, Guanhua and Higuera, Kimberly and Hogan, Bernie and Horwitz, Ilana M. and Hummel, Lisa M. and Jain, Naman and Jin, Kun and Jurgens, David and Kaminski, Patrick and Karapetyan, Areg and Kim, E. H. and Leizman, Ben and Liu, Naijia and Möser, Malte and Mack, Andrew E. and Mahajan, Mayank and Mandell, Noah and Marahrens, Helge and Mercado-Garcia, Diana and Mocz, Viola and Mueller-Gastell, Katariina and Musse, Ahmed and Niu, Qiankun and Nowak, William and Omidvar, Hamidreza and Or, Andrew and Ouyang, Karen and Pinto, Katy M. and Porter, Ethan and Porter, Kristin E. and Qian, Crystal and Rauf, Tamkinat and Sargsyan, Anahit and Schaffner, Thomas and Schnabel, Landon and Schonfeld, Bryan and Sender, Ben and Tang, Jonathan D. and Tsurkov, Emma and van Loon, Austin and Varol, Onur and Wang, Xiafei and Wang, Zhi and Wang, Julia and Wang, Flora and Weissman, Samantha and Whitaker, Kirstie and Wolters, Maria K. and Woon, Wei Lee and Wu, James and Wu, Catherine and Yang, Kengran and Yin, Jingwen and Zhao, Bingyu and Zhu, Chenyun and Brooks-Gunn, Jeanne and Engelhardt, Barbara E. and Hardt, Moritz and Knox, Dean and Levy, Karen and Narayanan, Arvind and Stewart, Brandon M. and Watts, Duncan J. and McLanahan, Sara},
    year = {2020},
    note = {Publisher: National Academy of Sciences
\_eprint: https://www.pnas.org/content/early/2020/03/24/1915006117.full.pdf}
}