@article {PROT:PROT24531,
author = {Varol, Onur and Yuret, Deniz and Erman, Burak and Kabakçıoğlu, Alkan},
title = {Mode coupling points to functionally important residues in myosin II},
journal = {Proteins: Structure, Function, and Bioinformatics},
issn = {1097-0134},
url = {http://dx.doi.org/10.1002/prot.24531},
doi = {10.1002/prot.24531},
pages = {n/a--n/a},
keywords = {mode coupling, molecular dynamics, anharmonicity, allostery, myosin II},
year = {2014},
}
