@article{jafariasbagh2014clustering,
  title={Clustering memes in social media streams},
  author={JafariAsbagh, Mohsen and Ferrara, Emilio and Varol, Onur and Menczer, Filippo and Flammini, Alessandro},
  journal={Social Network Analysis and Mining},
  volume={4},
  number={1},
  pages={1--13},
  year={2014},
  publisher={Springer}
}
