@inproceedings{toward2016icwsm,
  title={Towards an Open-Domain Framework for Distilling the Outcomes of Personal Experiences from Social Media Timelines},
  author={Olteanu, Alexandra and Varol, Onur and K{\i}c{\i}man, Emre},
  booktitle={Tenth International AAAI Conference on Web and Social Media},
  year={2016}
}