@inproceedings{trends2013,
 author = {Ferrara, Emilio and Varol, Onur and Menczer, Filippo and Flammini, Alessandro},
 title = {Traveling Trends: Social Butterflies or Frequent Fliers?},
 booktitle = {Proceedings of the First ACM Conference on Online Social Networks},
 year = {2013},
 pages = {213--222},
 acmid = {2512956},
 publisher = {ACM},
} 