@article{varol2017early,
  author = {Varol, Onur and Ferrara, Emilio and Menczer, Filippo and Flammini, Alessandro},
  year = {2017},
  title = {Early detection of promoted campaigns on social media},
  journal = {EPJ Data Science},
  issn = {2193-1127},
  doi = {10.1140/epjds/s13688-017-0111-y},
  volume = {6},
  month = {12},
  pages = {13},
  number = {1},
  url = {https://doi.org/10.1140/epjds/s13688-017-0111-y},
}
