@inproceedings{davis2016botornot,
 author = {Davis, Clayton Allen and Varol, Onur and Ferrara, Emilio and Flammini, Alessandro and Menczer, Filippo},
 title = {BotOrNot: A System to Evaluate Social Bots},
 booktitle = {Proceedings of the 25th International Conference Companion on World Wide Web},
 series = {WWW '16 Companion},
 year = {2016},
 isbn = {978-1-4503-4144-8},
 location = {Montr\&\#233;al, Qu\&\#233;bec, Canada},
 pages = {273--274},
 numpages = {2},
 url = {http://dx.doi.org/10.1145/2872518.2889302},
 doi = {10.1145/2872518.2889302},
 acmid = {2889302},
 publisher = {International World Wide Web Conferences Steering Committee},
 address = {Republic and Canton of Geneva, Switzerland},
 keywords = {social bot, social media, sybil account},
}